@book{samuelson48,
	title        = {Economics: An Introductory Analysis},
	author       = {Paul Samuelson},
	year         = {1948},
	publisher    = {McGraw-Hill Book Company},
}
@article{samuelson54,
	title        = {The Pure Theory of Public Expenditure},
	author       = {Paul Samuelson},
	year         = 1954,
	journal      = {The Review of Economics and Statistics},
	volume       = {36},
	number	     = {4},
	pages        = {387-389},
	url	     = {http://www.jstor.org/stable/1925895},
}
@article{samuelson55,
	title        = {Diagrammatic Exposition of a Theory of Public Expenditure},
	author       = {Paul Samuelson},
	year         = 1955,
	journal      = {The Review of Economics and Statistics},
	volume       = {37},
	number	     = {4},
	pages        = {350-356},
	url	     = {http://www.jstor.org/stable/1925849},
}
@article{hurwicz08,
	title        = {But Who Will Guard the Guardians},
	author       = {Leonid Hurwicz},
	year         = 2008,
	journal      = {The American Economic Review},
	volume       = {98},
	number	     = {3},
	pages        = {577-585},
	url	     = {https://www.jstor.org/stable/29730087},
}
@article{hurwicz69,
	title        = {On the Concept and Possibility of Informational Decentralization},
	author       = {Leonid Hurwicz},
	year         = 1969,
	journal      = {The American Economic Review},
	volume       = {59},
	number	     = {2},
	pages        = {513-524},
	url	     = {http://www.jstor.org/stable/1823704},
}
@article{lancashire2023,
  title        = {A Simple Proof of Sybil Proof},
  author       = {David Lancashire and Richard Parris},
  year         = {2023},
  url          = {https://github.com/SaitoTech/papers/blob/main/sybil/A_Simple_Proof_of_Sybil_Proof_Lancashire-Parris_2023.pdf},
}
@article{roughgarden2023,
  title        = {Transaction Fee Mechanism Design},
  author       = {Tim Roughgarden},
  year         = {2023},
  journal      = {arXiv preprint arXiv:2106.01340},
  version      = {v3},
  eprint       = {2106.01340},
  archiveprefix = {arXiv},
  primaryclass = {cs.CR}
  url          = {https://arxiv.org/abs/2106.01340},
}
@article{chung2022,
  title        = {Foundations of Transaction Fee Mechanism Design},
  author       = {Hao Chung and Elaine Shi},
  year         = {2022},
  journal      = {arXiv preprint arXiv:2111.03151},
  version      = {v3},
  eprint       = {2111.03151},
  archiveprefix = {arXiv},
  primaryclass = {cs.GT}
  url          = {https://arxiv.org/abs/2111.03151},
}
@article{chung2024,
  title        = {Collusion-Resilience in Transaction Fee Mechanism Design},
  author       = {Hao Chung and Tim Roughgarden and Elaine Shi},
  year         = {2024},
  journal      = {arXiv preprint arXiv:2402.09321},
  version      = {v2},
  eprint       = {2402.09321},
  archiveprefix = {arXiv},
  primaryclass = {cs.GT},
  doi          = {10.48550/arXiv.2402.09321},
  relateddoi   = {10.1145/3670865.3673550}
  url          = {https://arxiv.org/abs/2402.09321},
}




@article{roughgarden24,
	title        = {ColluOn the Concept and Possibility of Informational Decentralization},
	author       = {Leonid Hurwicz},
	year         = 1969,
	journal      = {The American Economic Review},
	volume       = {59},
	number	     = {2},
	pages        = {513-524},
	url	     = {http://www.jstor.org/stable/1823704},
}
@article{hurwicz69,
	title        = {On the Concept and Possibility of Informational Decentralization},
	author       = {Leonid Hurwicz},
	year         = 1969,
	journal      = {The American Economic Review},
	volume       = {59},
	number	     = {2},
	pages        = {513-524},
	url	     = {http://www.jstor.org/stable/1823704},
}
@article{hurwicz69,
	title        = {On the Concept and Possibility of Informational Decentralization},
	author       = {Leonid Hurwicz},
	year         = 1969,
	journal      = {The American Economic Review},
	volume       = {59},
	number	     = {2},
	pages        = {513-524},
	url	     = {http://www.jstor.org/stable/1823704},
}
@inproceedings{Babaioff2011OnBA,
        title        = {On Bitcoin and Red Balloons},
        author       = {Moshe Babaioff and Shahar Dobzinski and Sigal Oren and Aviv Zohar},
        year         = {2011},
        booktitle    = {SeCO Workshops},
        url          = {https://api.semanticscholar.org/CorpusID:1298736}
}
@article{DBLP:journals/corr/abs-1712-07564,
        title        = {Information Propagation on Permissionless Blockchains},
        author       = {Oguzhan Ersoy and Zhijie Ren and Zekeriya Erkin and Reginald L. Lagendijk},
        year         = {2017},
        journal      = {CoRR},
        volume       = {abs/1712.07564},
        url          = {http://arxiv.org/abs/1712.07564},
        eprinttype   = {arXiv},
        eprint       = {1712.07564},
        biburl       = {https://dblp.org/rec/journals/corr/abs-1712-07564.bib},
        bibsource    = {dblp computer science bibliography, https://dblp.org}
}
@misc{zhang2023collusionproof,
        title        = {Collusion-proof and Sybil-proof Reward Mechanisms for Query Incentive Networks},
        author       = {Youjia Zhang and Pingzhong Tang},
        year         = {2023},
        eprint       = {2302.06061},
        archiveprefix = {arXiv},
        primaryclass = {cs.GT}
}

