@book{olson1971logic,
	title        = {The Logic of Collective Action: Public Goods and the Theory of Groups, with a new preface and appendix},
	author       = {Olson Jr, Mancur},
	year         = 1971,
	publisher    = {Harvard University Press},
	volume       = 124
}
@article{DBLP:journals/corr/AbrahamMNRS16,
	title        = {Solidus: An Incentive-compatible Cryptocurrency Based on Permissionless Byzantine Consensus},
	author       = {Ittai Abraham and Dahlia Malkhi and Kartik Nayak and Ling Ren and Alexander Spiegelman},
	year         = 2016,
	journal      = {CoRR},
	volume       = {abs/1612.02916},
	url          = {http://arxiv.org/abs/1612.02916},
	eprinttype   = {arXiv},
	eprint       = {1612.02916},
	timestamp    = {Mon, 13 Aug 2018 16:46:51 +0200},
	biburl       = {https://dblp.org/rec/journals/corr/AbrahamMNRS16.bib},
	bibsource    = {dblp computer science bibliography, https://dblp.org}
}
@article{DBLP:journals/corr/abs-1111-2626,
	title        = {On Bitcoin and Red Balloons},
	author       = {Moshe Babaioff and Shahar Dobzinski and Sigal Oren and Aviv Zohar},
	year         = 2011,
	journal      = {CoRR},
	volume       = {abs/1111.2626},
	url          = {http://arxiv.org/abs/1111.2626},
	eprinttype   = {arXiv},
	eprint       = {1111.2626},
	timestamp    = {Mon, 13 Aug 2018 16:48:44 +0200},
	biburl       = {https://dblp.org/rec/journals/corr/abs-1111-2626.bib},
	bibsource    = {dblp computer science bibliography, https://dblp.org}
}
@inproceedings{Babaioff2011OnBA,
	title        = {On Bitcoin and red balloons},
	author       = {Moshe Babaioff and Shahar Dobzinski and Sigal Oren and Aviv Zohar},
	year         = 2011,
	booktitle    = {SeCO Workshops},
	url          = {https://api.semanticscholar.org/CorpusID:1298736}
}
@inproceedings{chen2013sybil,
	title        = {Sybil-proof mechanisms in query incentive networks},
	author       = {Chen, Wei and Wang, Yajun and Yu, Dongxiao and Zhang, Li},
	year         = 2013,
	booktitle    = {Proceedings of the fourteenth ACM conference on Electronic commerce},
	pages        = {197--214}
}
@article{DBLP:journals/corr/abs-1712-07564,
	title        = {Information Propagation on Permissionless Blockchains},
	author       = {Oguzhan Ersoy and Zhijie Ren and Zekeriya Erkin and Reginald L. Lagendijk},
	year         = 2017,
	journal      = {CoRR},
	volume       = {abs/1712.07564},
	url          = {http://arxiv.org/abs/1712.07564},
	eprinttype   = {arXiv},
	eprint       = {1712.07564},
	timestamp    = {Mon, 13 Aug 2018 16:47:44 +0200},
	biburl       = {https://dblp.org/rec/journals/corr/abs-1712-07564.bib},
	bibsource    = {dblp computer science bibliography, https://dblp.org}
}
@article{DBLP:journals/corr/abs-2110-10606,
	title        = {Maximal Information Propagation via Lotteries},
	author       = {Jing Chen and Bo Li},
	year         = 2021,
	journal      = {CoRR},
	volume       = {abs/2110.10606},
	url          = {https://arxiv.org/abs/2110.10606},
	eprinttype   = {arXiv},
	eprint       = {2110.10606},
	timestamp    = {Mon, 30 Jan 2023 09:09:35 +0100},
	biburl       = {https://dblp.org/rec/journals/corr/abs-2110-10606.bib},
	bibsource    = {dblp computer science bibliography, https://dblp.org}
}
@misc{zhang2023collusionproof,
	title        = {Collusion-proof And Sybil-proof Reward Mechanisms For Query Incentive Networks},
	author       = {Youjia Zhang and Pingzhong Tang},
	year         = 2023,
	eprint       = {2302.06061},
	archiveprefix = {arXiv},
	primaryclass = {cs.GT}
}
